<?xml version="1.0" encoding="UTF-8"?><record xmlns="http://www.loc.gov/MARC21/slim" xmlns:cinclude="http://apache.org/cocoon/include/1.0" xmlns:zs="http://www.loc.gov/zing/srw/">
  <leader>00466nz  a2200133n  4500</leader>
  <controlfield tag="001">n  84050322 </controlfield>
  <controlfield tag="003">DLC</controlfield>
  <controlfield tag="005">19841019000000.0</controlfield>
  <controlfield tag="008">840813n| acannaab|          |a aaa |||  </controlfield>
  <datafield tag="010" ind1=" " ind2=" ">
    <subfield code="a">n  84050322 </subfield>
  </datafield>
  <datafield tag="040" ind1=" " ind2=" ">
    <subfield code="a">DLC</subfield>
    <subfield code="c">DLC</subfield>
  </datafield>
  <datafield tag="100" ind1="1" ind2="0">
    <subfield code="a">Vaĭnshteĭn, A. A.</subfield>
    <subfield code="q">(Aleksandr Abramovich)</subfield>
  </datafield>
  <datafield tag="400" ind1="1" ind2="0">
    <subfield code="a">Vaĭnshteĭn, Aleksandr Abramovich</subfield>
  </datafield>
  <datafield tag="670" ind1=" " ind2=" ">
    <subfield code="a">Bogachev, I. N. Statisticheskoe metallovedenie, 1984:</subfield>
    <subfield code="b">t.p. (A. A. Vaĭnshteĭn) verso t.p. (Aleksandr Abramovich Vaĭnshteĭn)</subfield>
  </datafield>
</record>